<?xml version="1.0" encoding="UTF-8"?><collection xmlns="http://www.loc.gov/MARC21/slim"><record><leader>00526nam--2200181-i-4500</leader><controlfield tag="001">000000151</controlfield><controlfield tag="002">20161230</controlfield><controlfield tag="005">20161230201023</controlfield><controlfield tag="008">060222s1000------------r-----000-0-eng-d</controlfield><datafield ind1=" " ind2=" " tag="040"><subfield code="a">IFIN-HH</subfield></datafield><datafield ind1=" " ind2=" " tag="080"><subfield code="a">532.546</subfield></datafield><datafield ind1="1" ind2=" " tag="110"><subfield code="a">Intenational Association for Hydraulic Research</subfield></datafield><datafield ind1="1" ind2="0" tag="245"><subfield code="a">Fundamental of transport phenomena in porous media</subfield></datafield><datafield ind1=" " ind2=" " tag="260"><subfield code="a">Amsterdam, Elsevier Publishing Company</subfield></datafield><datafield ind1=" " ind2=" " tag="300"><subfield code="a">VIII + 392 P</subfield></datafield><datafield ind1=" " ind2=" " tag="490"><subfield code="a">Developements In Soil Science. 2</subfield></datafield><datafield ind1=" " ind2=" " tag="852"><subfield code="a">42545</subfield><subfield code="c">532</subfield></datafield><datafield ind1=" " ind2=" " tag="CAT"><subfield code="a">Sys</subfield><subfield code="c">20100720</subfield><subfield code="h">133039</subfield></datafield></record></collection>